@article{ref:msop,
  author = "Matthew Brown and Richard Szeliski and Simon Winder",
  title = "Multi-Scale Oriented Patches",
  journal = "MSR-TR",
  number = "133",
  year = "2004"
}

@article{ref:sift,
  author = "David G. Lowe",
  title = "Distinctive Image Features from Scale-Invariant Keypoints",
  journal = "International Journal of Computer Vision",
  volume = "60",
  number = "2",
  pages = "91-110",
  year = "2004"
}

@article{ref:panorama0,
  author = "M. Brown and D. G. Lowe",
  title = "Recognising Panoramas",
  journal = "International Conference on Computer Vision",
  year = "2003",
}

@article{ref:panorama1,
  author = "M. Brown and D. G. Lowe",
  title = "Automatic Panoramic Image Stitching using Invariant Features",
  journal = "International Journal of Computer Vision",
  year = "2007"
}
