@online{ref:voodoo,
  author = "VISCODA GmbH",
  title = "Voodoo official websie",
  howpublished = "\url{http://www.viscoda.com/en/products/non-commercial/voodoo-camera-tracker}"
}
@online{ref:blender,
  author = "Blender Foundation",
  title = "Blender official website",
  howpublished = "\url{https://www.blender.org}"
}
@online{ref:AE,
  author = "Adobe Systems Inc.",
  title = "Adobe After Effects website",
  howpublished = "\url{http://www.adobe.com/products/aftereffects.html}"
}
@online{ref:copilot,
  author = "Video Copilot and Final Image Inc.",
  title = "Video Copilot website",
  howpublished = "\url{http://www.videocopilot.net/}"
}
